% Encoding: UTF-8

@Article{test-en,
  author   = {Author},
  title    = {Title},
  journal  = {Journal},
  year     = {2018},
  language = {english},
  type     = {J},
}

@Article{test-zh,
  author   = {作者},
  title    = {标题},
  journal  = {期刊},
  year     = {2018},
  language = {chinese},
  type     = {J},
}

@Book{Jianzhihong,
  title     = {深入浅出数字信号处理},
  publisher = {北京航空航天大学出版社},
  year      = {2012},
  author    = {江志红},
  address   = {北京},
  lang      = {zh},
}

@Online{huxuan2016,
  author = {Huxuan},
  title  = {pkuthss-slide},
  month  = Jun,
  year   = {2016},
  url    = {https://github.com/huxuan/pkuthss-slide},
}

@Comment{jabref-meta: databaseType:bibtex;}
